<record><leader>00000cas a22000007a 4500</leader><controlfield tag="001">33226539</controlfield><controlfield tag="008">950930d191519uuinuwr ne      0    0eng d</controlfield><datafield ind1=" " ind2=" " tag="010"><subfield code="a">sn 95067520 </subfield></datafield><datafield ind1=" " ind2=" " tag="040"><subfield code="a">NPI</subfield><subfield code="b">eng</subfield><subfield code="c">NPI</subfield><subfield code="d">OCLCQ</subfield></datafield><datafield ind1=" " ind2=" " tag="042"><subfield code="a">msc</subfield></datafield><datafield ind1="0" ind2=" " tag="130"><subfield code="a">Sunday record (Lafayette, Ind.)</subfield></datafield><datafield ind1="1" ind2="4" tag="245"><subfield code="a">The Sunday record.</subfield></datafield><datafield ind1=" " ind2=" " tag="260"><subfield code="a">Lafayette, Ind. :</subfield><subfield code="b">R.M. Isherwood,</subfield><subfield code="c">1915-</subfield></datafield><datafield ind1=" " ind2=" " tag="300"><subfield code="a">v. :</subfield><subfield code="b">ill.</subfield></datafield><datafield ind1=" " ind2=" " tag="310"><subfield code="a">Weekly</subfield></datafield><datafield ind1="0" ind2=" " tag="362"><subfield code="a">Vol. 1, no. 1 (Mar. 7, 1915)-</subfield></datafield><datafield ind1=" " ind2=" " tag="752"><subfield code="a">United States</subfield><subfield code="b">Indiana</subfield><subfield code="c">Tippecanoe</subfield><subfield code="d">Lafayette.</subfield></datafield></record>